@misc{forrest_2016,
title={Moore's Law dead in 2021: Here's what the next revolution will mean},
howpublished={\url{https://www.techrepublic.com/article/moores-law-dead-in-2021-heres-what-the-next-revolution-will-mean/}},
journal={TechRepublic},
publisher={TechRepublic},
author={Forrest, Conner},
year={2016},
month={Jul}
}

@article{moore2012computing,
  title={Computing's power limit demonstrated},
  author={Moore, Samuel K},
  journal={IEEE Spectrum},
  volume={49},
  number={5},
  pages={14--16},
  year={2012},
  publisher={IEEE}
}

@Comment ------- relat√≥rio 3 ------------

@book{pinter2014book,
  title={A book of set theory},
  author={Pinter, Charles C},
  year={2014},
  publisher={Courier Corporation}
}