@article{schrodinger1935present,
  title={The present status of quantum mechanics},
  author={Schr{\"o}dinger, Erwin},
  journal={Die Naturwissenschaften},
  volume={23},
  number={48},
  pages={1--26},
  year={1935}
}