@article{castelani2019raff,
  title={RAFF. jl: Robust algebraic fitting function in Julia},
  author={Castelani, Emerson V and Lopes, Ronaldo and Shirabayashi, Wesley V and others},
  journal={Journal of Open Source Software},
  volume={4},
  number={39},
  pages={1385},
  year={2019}
}
@article{castelani2021robust,
  title={A robust method based on LOVO functions for solving least squares problems},
  author={Castelani, Emerson V and Lopes, Ronaldo and Shirabayashi, Wesley VI and Sobral, Francisco Nogueira Calmon},
  journal={Journal of Global Optimization},
  volume={80},
  number={2},
  pages={387--414},
  year={2021},
  publisher={Springer}
}

@article{boyd2018introduction,
  title={Introduction to Applied Linear Algebra Vectors, Matrices, and Least Squares Julia Language Companion},
  author={Boyd, Stephen and Vandenberghe, Lieven},
  year={2018}
}