@article{gu2013zero,
  title={Zero-Error Type of chebyshev polynomials},
  author={Gu, Lemin},
  journal={International Journal of Modeling and Optimization},
  volume={3},
  number={3},
  pages={272},
  year={2013},
  publisher={IACSIT Press}
}

@article{higham2004numerical,
  title={The numerical stability of barycentric Lagrange interpolation},
  author={Higham, Nicholas J},
  journal={IMA Journal of Numerical Analysis},
  volume={24},
  number={4},
  pages={547--556},
  year={2004},
  publisher={Oxford University Press}
}

@article{demapped,
  title={Mapped polynomials and discontinuous kernels for Runge and Gibbs phenomena},
  author={De Marchi, Stefano}
}

@article{de2020polynomial,
  title={Polynomial interpolation via mapped bases without resampling},
  author={De Marchi, Stefano and Marchetti, Francesco and Perracchione, Emma and Poggiali, Davide},
  journal={Journal of Computational and Applied Mathematics},
  volume={364},
  pages={112347},
  year={2020},
  publisher={Elsevier}
}

@article{berrut2004barycentric,
  title={Barycentric lagrange interpolation},
  author={Berrut, Jean-Paul and Trefethen, Lloyd N},
  journal={SIAM review},
  volume={46},
  number={3},
  pages={501--517},
  year={2004},
  publisher={SIAM}
}

@book{trefethen2019approximation,
  title={Approximation Theory and Approximation Practice, Extended Edition},
  author={Trefethen, Lloyd N},
  year={2019},
  publisher={SIAM}
}